<record><leader>00000cas a22000007a 4500</leader><controlfield tag="001">19995987</controlfield><controlfield tag="008">890712d19271947mouwr ne      0    0eng d</controlfield><datafield ind1=" " ind2=" " tag="010"><subfield code="a">sn 89066692 </subfield></datafield><datafield ind1=" " ind2=" " tag="040"><subfield code="a">MQN</subfield><subfield code="b">eng</subfield><subfield code="c">MQN</subfield><subfield code="d">OCLCQ</subfield></datafield><datafield ind1=" " ind2=" " tag="042"><subfield code="a">msc</subfield></datafield><datafield ind1="0" ind2="0" tag="245"><subfield code="a">Ozark record.</subfield></datafield><datafield ind1=" " ind2=" " tag="260"><subfield code="a">Ironton, Mo. :</subfield><subfield code="b">Eugene K. Daniels</subfield></datafield><datafield ind1=" " ind2=" " tag="300"><subfield code="a">v.</subfield></datafield><datafield ind1=" " ind2=" " tag="310"><subfield code="a">Weekly</subfield></datafield><datafield ind1="1" ind2=" " tag="362"><subfield code="a">Began in 1927?</subfield></datafield><datafield ind1="0" ind2=" " tag="362"><subfield code="a">-v. 21, no. 37 (Sept. 18, 1947).</subfield></datafield><datafield ind1=" " ind2=" " tag="588"><subfield code="a">Description based on: Vol. 12, no. 44 (Jan. 5, 1939).</subfield></datafield><datafield ind1=" " ind2="4" tag="651"><subfield code="a">Ironton (Mo.)</subfield><subfield code="v">Newspapers.</subfield></datafield><datafield ind1=" " ind2=" " tag="752"><subfield code="a">United States</subfield><subfield code="b">Missouri</subfield><subfield code="c">Iron</subfield><subfield code="d">Ironton.</subfield></datafield><datafield ind1="0" ind2="4" tag="785"><subfield code="t">Mountain echo (Annapolis, Mo.)</subfield><subfield code="w">(DLC)sn 88068127</subfield></datafield></record>